@inproceedings{girbal2013convergence,
  title={On the convergence of mainstream and mission-critical markets},
  author={Girbal, Sylvain and Moret{\'o}, Miquel and Grasset, Arnaud and Abella, Jaume and Qui{\~n}ones, Eduardo and Cazorla, Francisco J and Yehia, Sami},
  booktitle={Proceedings of the 50th Annual Design Automation Conference},
  pages={185},
  year={2013},
  organization={ACM}
}

@inproceedings{fan2004gpu,
  title={GPU cluster for high performance computing},
  author={Fan, Zhe and Qiu, Feng and Kaufman, Arie and Yoakum-Stover, Suzanne},
  booktitle={Proceedings of the 2004 ACM/IEEE conference on Supercomputing},
  pages={47},
  year={2004},
  organization={IEEE Computer Society}
}